@ARTICLE{data,
  AUTHOR = {Yang, Jiancheng and Shi, Rui and Wei, Donglai and Liu, Zequan and Zhao, Lin and Ke, Bilian and Pfister, Hanspeter and Ni, Bingbing},
  URL = {https://arxiv.org/abs/2110.14795},
  DATE = {2021},
  EPRINT = {2110.14795},
  EPRINTTYPE = {arXiv},
  JOURNALTITLE = {CoRR},
  TITLE = {MedMNIST v2: {A} Large-Scale Lightweight Benchmark for 2D and 3D Biomedical Image Classification},
}

@ARTICLE{mnist,
  AUTHOR = {Deng, Li},
  PUBLISHER = {IEEE},
  DATE = {2012},
  JOURNALTITLE = {IEEE Signal Processing Magazine},
  NUMBER = {6},
  PAGES = {141--142},
  TITLE = {The mnist database of handwritten digit images for machine learning research},
  VOLUME = {29},
}

@MISC{tensorflow-images,
  URL = {https://www.tensorflow.org/tutorials/load_data/images},
  TITLE = {Load and preprocess images &nbsp;: &nbsp; Tensorflow Core},
}

@MISC{tensorflow2015-whitepaper,
  AUTHOR = {Martín Abadi and Ashish Agarwal and Paul Barham and Eugene Brevdo and Zhifeng Chen and Craig Citro and Greg S. Corrado and Andy Davis and Jeffrey Dean and Matthieu Devin and Sanjay Ghemawat and Ian Goodfellow and Andrew Harp and Geoffrey Irving and Michael Isard and Jia, Yangqing and Rafal Jozefowicz and Lukasz Kaiser and Manjunath Kudlur and Josh Levenberg and Dandelion Mané and Rajat Monga and Sherry Moore and Derek Murray and Chris Olah and Mike Schuster and Jonathon Shlens and Benoit Steiner and Ilya Sutskever and Kunal Talwar and Paul Tucker and Vincent Vanhoucke and Vijay Vasudevan and Fernanda Viégas and Oriol Vinyals and Pete Warden and Martin Wattenberg and Martin Wicke and Yuan Yu and Xiaoqiang Zheng},
  URL = {https://www.tensorflow.org/},
  DATE = {2015},
  NOTE = {Software available from tensorflow.org},
  TITLE = {{TensorFlow}: Large-Scale Machine Learning on Heterogeneous Systems},
}

